% This file was created with Citavi 6.3.0.0

@article{.,
 title = {Heat Treating of Titanium and Titanium Alloys},
 file = {http://www.totalmateria.com/Article97.htm}
}


@article{A.D.KhawajiaI.K.KutubkhanahaJ.M.Wieb.2008,
 author = {{A.D. Khawajia, I.K. Kutubkhanaha, J.M. Wieb}},
 year = {2008},
 title = {Advances in seawater desalination technologies},
 pages = {47--69},
 number = {221},
 journal = {Desalination}
}


@article{A.K.Gogia.2005,
 author = {{A.K. Gogia}},
 year = {2005},
 title = {High--temperature titanium alloys},
 pages = {149--173},
 number = {55(2)},
 journal = {Defence Science Journal}
}


@book{Boyer.2007,
 author = {Boyer, Rodney and Welsch, Gerhard and Collings, E. W.},
 year = {2007},
 title = {Materials properties handbook},
 publisher = {{ASM international}},
 isbn = {0871704811}
}


@book{C.Leyens.2005,
 author = {{C. Leyens}, M. Peters},
 year = {2005},
 title = {Titanium and titanium alloys: Fundamentals and applications},
 address = {Weinheim},
 edition = {1. ed., 2. reprint},
 publisher = {Wiley-VCH},
 isbn = {3-527-30534-3}
}


@article{D.EylonS.FujishiroF.H.Froes.1984,
 author = {{D. Eylon, S. Fujishiro, F.H. Froes}},
 year = {1984},
 title = {Titanium alloys for high temperature applications -- a review},
 pages = {81--91.},
 number = {6(1--2)},
 journal = {High temperature materials and processes}
}


@article{DavidBenjamin.19801980,
 author = {{David Benjamin} and {Craig W. Kirkpatrick}},
 year = {1980},
 title = {Metals handbook: Stainless steels, tool materials and special-purpose metals},
 keywords = {Acier;Acier inoxydable;Alliages;Guides pratiques;Machines-outils;M{\'e}taux;Traitement thermique},
 volume = {3},
 journal = {Metals handbook}
}


@book{Davis.1990,
 year = {1990},
 title = {Properties and selection: Nonferrous alloys and special-purpose materials},
 keywords = {Nichteisenmetall;Stoffeigenschaft},
 address = {Materials Park, Ohio},
 edition = {10. ed.},
 volume = {/ prepared under the direction of the ASM International Handbook Committee ; Vol. 2},
 publisher = {{ASM international}},
 isbn = {0871703785},
 series = {ASM handbook},
 editor = {Davis, Joseph R.}
}


@book{G.LutjeringJ.C.WilliamsA.Gysler.,
 author = {{G. L{\"u}tjering, J. C. Williams, A. Gysler}},
 title = {Microstructure and Mechanical Properties of Titanium Alloys},
 file = {https://pdfs.semanticscholar.org/9914/cde1d7dc2f04b34ffd9d231cbd54dac1017e.pdf}
}


@book{Holt.1997,
 author = {Holt, John M. and Mindlin, Harold and Ho, C. Y.},
 year = {1997},
 title = {Structural alloys handbook},
 institution = {{Cindas/Purdue Univ.}}
}


@article{Ingelbrecht.1985,
 author = {Ingelbrecht, C. D.},
 year = {1985},
 title = {The effect of step-quenching on the tensile properties and microstructure of the titanium alloy Ti-4Al-4Mo-2Sn-0.5Si (IMI 550)},
 pages = {3034--3040},
 number = {20},
 journal = {Journal of material science},
 file = {6cf9daf8-c87e-4f28-9c66-8cedfd5a34c1:C\:\\Users\\vrein_000\\AppData\\Local\\Swiss Academic Software\\Citavi 6\\ProjectCache\\rzp6247h3znw47flmw5dnfoxhmshpvqzvrplywxttod\\Citavi Attachments\\6cf9daf8-c87e-4f28-9c66-8cedfd5a34c1.pdf:pdf}
}


@book{Lutjering.2007,
 author = {L{\"u}tjering, Gerd and Williams, James C.},
 year = {2007},
 title = {Titanium: With 51 tables},
 keywords = {Chemistry;Materials},
 address = {Berlin, Heidelberg},
 edition = {2. ed.},
 publisher = {Springer-Verlag},
 isbn = {3540730362},
 series = {Engineering materials and processes},
 file = {d3b3d338-ca8a-437a-be4f-ef5f5229942b:C\:\\Users\\vrein_000\\AppData\\Local\\Swiss Academic Software\\Citavi 6\\ProjectCache\\rzp6247h3znw47flmw5dnfoxhmshpvqzvrplywxttod\\Citavi Attachments\\d3b3d338-ca8a-437a-be4f-ef5f5229942b.pdf:pdf}
}


@article{M.GeethaA.K.SinghR.AsokamaniA.K.Gogia.2009,
 author = {{M. Geetha, A.K. Singh, R. Asokamani, A.K. Gogia}},
 year = {2009},
 title = {Ti based biomaterials, the ultimate choice for orthopaedic implants -- A review},
 pages = {397--425},
 number = {54},
 journal = {Progress in Materials Science}
}


@article{M.J.Berminghametal..2007,
 author = {{M.J. Bermingham et al.}},
 year = {2007},
 title = {Microstucture of cast titanium alloys},
 pages = {84--89},
 number = {31},
 journal = {Materials Forum}
}


@book{M.J.Donachie.2010,
 author = {{M.J. Donachie}},
 year = {2010},
 title = {Titanium: A Technical Guide, Second ed.},
 publisher = {{ASM international}}
}


@article{M.PetersJ.KumpfertC.WardC.Leyens.2003,
 author = {{M. Peters, J. Kumpfert, C. Ward, C. Leyens}},
 year = {2003},
 title = {Titanium alloys for aerospace applications},
 pages = {419--427},
 number = {5},
 journal = {Advanced Engineering Materials}
}


@article{P.A.Blenkinsop.1984,
 author = {{P.A. Blenkinsop}},
 year = {1984},
 title = {Developments in high temperature alloys},
 pages = {2323--2338},
 journal = {In: Titanium Science and Technology}
}


@book{Prasad.2017,
 year = {2017},
 title = {Aerospace materials and material technologies},
 keywords = {Space vehicles},
 address = {Singapore},
 publisher = {Springer},
 isbn = {9811021430},
 series = {Indian Institute of Metals series},
 editor = {Prasad, N. Eswara and Wanhill, R. J. H.},
 file = {http://www.worldcat.org/oclc/1036274537}
}


@article{R.R.Boyer.1996,
 author = {{R.R. Boyer}},
 year = {1996},
 title = {An overview on the use of titanium in the aerospace industry},
 pages = {103--114},
 number = {A 213},
 journal = {Materials Science and Engineering}
}


@article{RaghuveerGaddam.,
 author = {{Raghuveer Gaddam}},
 title = {Microstructure and Mechanical Properties Ti 6242 und Ti 64: Influence of H, O and B},
 file = {http://www.diva-portal.org/smash/get/diva2:999500/FULLTEXT01.pdf}
}


@article{S.L.SEMIATINJ.ETHOMASJr.andP.DADRAS.,
 author = {{S.L. SEMIATIN, J. E THOMAS, Jr., and P. DADRAS}},
 title = {Processing-microstructure relationships for Ti-6Al-2Sn-4Zr-2Mo-0.1Si},
 pages = {2363--2374},
 volume = {1983},
 number = {14A},
 journal = {METALLURGICAL TRANSACTIONS A},
 file = {7a83639c-9834-45c4-87e4-07f0d5e5f7f2:C\:\\Users\\vrein_000\\AppData\\Local\\Swiss Academic Software\\Citavi 6\\ProjectCache\\rzp6247h3znw47flmw5dnfoxhmshpvqzvrplywxttod\\Citavi Attachments\\7a83639c-9834-45c4-87e4-07f0d5e5f7f2.pdf:pdf}
}


@article{Tarzimoghadam.2015,
 author = {Tarzimoghadam, Z. and Sandl{\"o}bes, S. and Pradeep, K. G. and Raabe, D.},
 year = {2015},
 title = {Microstructure design and mechanical properties in a near-\textgreek{a} Ti--4Mo alloy},
 pages = {291--304},
 volume = {97},
 issn = {13596454},
 journal = {Acta Materialia},
 doi = {10.1016/j.actamat.2015.06.043},
 file = {a1b486f2-07bd-4896-b9a4-954117f81b86:C\:\\Users\\vrein_000\\AppData\\Local\\Swiss Academic Software\\Citavi 6\\ProjectCache\\rzp6247h3znw47flmw5dnfoxhmshpvqzvrplywxttod\\Citavi Attachments\\a1b486f2-07bd-4896-b9a4-954117f81b86.pdf:pdf}
}


@misc{TIMET.2000,
 author = {TIMET},
 editor = {{Titanium Metal Corporation}},
 year = {2000},
 title = {TIMETAL 6-2-4-2},
 url = {https://www.timet.com/assets/local/documents/datasheets/alphaalloys/6242.pdf},
 address = {USA},
 urldate = {03.01.2020},
 file = {14573280-4efd-4f81-8181-2752f9e5aae0:C\:\\Users\\vrein_000\\AppData\\Local\\Swiss Academic Software\\Citavi 6\\ProjectCache\\rzp6247h3znw47flmw5dnfoxhmshpvqzvrplywxttod\\Citavi Attachments\\14573280-4efd-4f81-8181-2752f9e5aae0.pdf:pdf}
}


@misc{TIMET.2000b,
 author = {TIMET},
 editor = {{Titanium Metal Corporation}},
 year = {2000},
 title = {TIMETAl 6-4, 6-4 ELI {\&} 6-4-.1R U},
 url = {https://www.timet.com/assets/local/documents/datasheets/alphaandbetaalloys/6-4.pdf},
 address = {USA},
 urldate = {03.01.2020},
 file = {8dc6141d-87b6-419f-9cce-5eadcf04b828:C\:\\Users\\vrein_000\\AppData\\Local\\Swiss Academic Software\\Citavi 6\\ProjectCache\\rzp6247h3znw47flmw5dnfoxhmshpvqzvrplywxttod\\Citavi Attachments\\8dc6141d-87b6-419f-9cce-5eadcf04b828.pdf:pdf}
}


@article{Wang.2018,
 abstract = {Journal of Materials Science, https://doi.org/10.1007/s10853-018-2438-6},
 author = {Wang, C. H. and Jiang, H. and Cao, G. H.},
 year = {2018},
 title = {Effects of step-quenching on the \textgreek{a}$''$ martensitic transformation, \textgreek{a} precipitation, and mechanical properties of multiphase Ti--10Mo alloy},
 pages = {11765--11778},
 volume = {53},
 number = {16},
 issn = {0022-2461},
 journal = {Journal of Materials Science},
 doi = {10.1007/s10853-018-2438-6},
 file = {bb3a372d-350c-4cb7-b514-2a9a77c5bdf4:C\:\\Users\\vrein_000\\AppData\\Local\\Swiss Academic Software\\Citavi 6\\ProjectCache\\rzp6247h3znw47flmw5dnfoxhmshpvqzvrplywxttod\\Citavi Attachments\\bb3a372d-350c-4cb7-b514-2a9a77c5bdf4.pdf:pdf}
}


@article{YavarMansouri.,
 author = {{Yavar Mansouri}},
 title = {A Comparison of Single and Duplex Annealing Treatment Effects on Microstructure and Tensile properties of Ti-6242 Alloy},
 file = {https://d2cax41o7ahm5l.cloudfront.net/es/eposter-pdfs/a-comparison-of-single-and-duplex-annealing-treatment-effects-on-microstructure-and-tensile-properties-of-ti-6242-alloy-r-n-materials-manufacturing-2018-materials-manufacturing-2018.pdf}
}


@book{Zwicker.2014,
 author = {Zwicker, U.},
 year = {2014},
 title = {Titan und Titanlegierungen},
 address = {Berlin, Heidelberg},
 publisher = {Springer},
 isbn = {9783642805882},
 file = {http://www.worldcat.org/oclc/922300990}
}


